<record><leader>00000cas a22000007a 4500</leader><controlfield tag="001">15803403</controlfield><controlfield tag="008">870603c19489999iaudn ne      0   a0eng d</controlfield><datafield ind1=" " ind2=" " tag="010"><subfield code="a">sn 87058265 </subfield></datafield><datafield ind1=" " ind2=" " tag="040"><subfield code="a">INP</subfield><subfield code="b">eng</subfield><subfield code="c">INP</subfield><subfield code="d">NSD</subfield><subfield code="d">INP</subfield><subfield code="d">OCLCQ</subfield></datafield><datafield ind1=" " ind2=" " tag="012"><subfield code="m">1</subfield></datafield><datafield ind1="1" ind2=" " tag="022"><subfield code="a">0894-2552</subfield><subfield code="l">0894-2552</subfield><subfield code="2">1</subfield></datafield><datafield ind1=" " ind2=" " tag="032"><subfield code="a">667600</subfield><subfield code="b">USPS</subfield></datafield><datafield ind1=" " ind2=" " tag="042"><subfield code="a">msc</subfield><subfield code="a">nsdp</subfield></datafield><datafield ind1=" " ind2="4" tag="222"><subfield code="a">The Washington evening journal</subfield></datafield><datafield ind1="0" ind2="4" tag="245"><subfield code="a">The Washington evening journal.</subfield></datafield><datafield ind1="3" ind2="0" tag="246"><subfield code="a">Evening journal</subfield></datafield><datafield ind1=" " ind2=" " tag="260"><subfield code="a">Washington, Iowa :</subfield><subfield code="b">Elder, Shannon &amp; Co.,</subfield><subfield code="c">1948-</subfield></datafield><datafield ind1=" " ind2=" " tag="300"><subfield code="a">v.</subfield></datafield><datafield ind1=" " ind2=" " tag="310"><subfield code="a">Daily (except Saturday, Sunday, and holidays),</subfield><subfield code="b">&lt;June 4, 1987-&gt;</subfield></datafield><datafield ind1=" " ind2=" " tag="321"><subfield code="a">Daily (except Sunday),</subfield><subfield code="b">June 7, 1948-</subfield></datafield><datafield ind1="0" ind2=" " tag="362"><subfield code="a">Vol. 55, no. 97 (June 7, 1948)-</subfield></datafield><datafield ind1=" " ind2=" " tag="588"><subfield code="a">Latest issue consulted: Vol. 95, no. 93 (June 4, 1987).</subfield></datafield><datafield ind1=" " ind2=" " tag="752"><subfield code="a">United States</subfield><subfield code="b">Iowa</subfield><subfield code="c">Washington</subfield><subfield code="d">Washington.</subfield></datafield><datafield ind1="0" ind2="0" tag="780"><subfield code="t">Evening journal (Washington, Iowa)</subfield><subfield code="w">(DLC)sn 86063094</subfield></datafield></record>